<?xml version="1.0" encoding="UTF-8"?><collection xmlns="http://www.loc.gov/MARC21/slim"><record><leader>00649nam--2200217-i-4500</leader><controlfield tag="001">000049197</controlfield><controlfield tag="002">20161230</controlfield><controlfield tag="005">20210312045634</controlfield><controlfield tag="008">060222s1000------------r-----000-0-eng-d</controlfield><datafield ind1=" " ind2=" " tag="020"><subfield code="a">0849346347</subfield></datafield><datafield ind1=" " ind2=" " tag="040"><subfield code="a">IFIN-HH</subfield></datafield><datafield ind1=" " ind2=" " tag="080"><subfield code="a">539.173:539.142:539.164</subfield></datafield><datafield ind1="1" ind2=" " tag="100"><subfield code="a">Poenaru, Dorin N</subfield></datafield><datafield ind1="1" ind2="0" tag="245"><subfield code="a">Particle emission from nuclei</subfield><subfield code="b">Vol.1: Nuclear Deformation Energy</subfield><subfield code="c">Dorin N. Poenaru, Marin S. Ivascu</subfield></datafield><datafield ind1=" " ind2=" " tag="260"><subfield code="a">Boca Raton, Florida</subfield><subfield code="b">Crc Press Inc</subfield><subfield code="c">1989</subfield></datafield><datafield ind1=" " ind2=" " tag="300"><subfield code="a">256P</subfield></datafield><datafield ind1=" " ind2=" " tag="490"><subfield code="a">Particle Emission From Nuclei</subfield></datafield><datafield ind1=" " ind2=" " tag="500"><subfield code="a">Donatie 30 0ct.1989</subfield></datafield><datafield ind1="1" ind2=" " tag="700"><subfield code="a">Ivascu, Marin S</subfield></datafield><datafield ind1=" " ind2=" " tag="852"><subfield code="a">78764</subfield><subfield code="c">539.17</subfield></datafield><datafield ind1=" " ind2=" " tag="CAT"><subfield code="a">SYS</subfield><subfield code="c">20210312</subfield><subfield code="h">045634</subfield></datafield></record></collection>